@article{voesenek_implementing_2008,
	title = {Implementing a Fourth Order Runge-Kutta Method for Orbit Simulation},
	pages = {3},
	author = {Voesenek, C J},
	date = {2008-06-14},
	langid = {english},
	url = {http://spiff.rit.edu/richmond/nbody/OrbitRungeKutta4.pdf}
}
